<?xml version="1.0" encoding="UTF-8"?><record xmlns="http://www.loc.gov/MARC21/slim" xmlns:cinclude="http://apache.org/cocoon/include/1.0" xmlns:zs="http://www.loc.gov/zing/srw/">
  <leader>00654cz  a2200145n  4500</leader>
  <controlfield tag="001">n  95931384 </controlfield>
  <controlfield tag="003">DLC</controlfield>
  <controlfield tag="005">20120802082900.0</controlfield>
  <controlfield tag="008">960130n| acannaabn          |n ana      </controlfield>
  <datafield tag="010" ind1=" " ind2=" ">
    <subfield code="a">n  95931384 </subfield>
  </datafield>
  <datafield tag="035" ind1=" " ind2=" ">
    <subfield code="a">(OCoLC)oca04061175</subfield>
  </datafield>
  <datafield tag="040" ind1=" " ind2=" ">
    <subfield code="a">DLC</subfield>
    <subfield code="b">eng</subfield>
    <subfield code="c">DLC</subfield>
    <subfield code="d">OCoLC</subfield>
    <subfield code="d">DLC</subfield>
  </datafield>
  <datafield tag="111" ind1="2" ind2=" ">
    <subfield code="a">Conference on Remote Sensing and GIS for Environmental Resources Management</subfield>
    <subfield code="d">(1995 :</subfield>
    <subfield code="c">Jakarta, Indonesia)</subfield>
  </datafield>
  <datafield tag="667" ind1=" " ind2=" ">
    <subfield code="a">THIS 1XX FIELD CANNOT BE USED UNDER RDA UNTIL THIS RECORD HAS BEEN REVIEWED AND/OR UPDATED</subfield>
  </datafield>
  <datafield tag="670" ind1=" " ind2=" ">
    <subfield code="a">The Conference on Remote Sensing ... 1995:</subfield>
    <subfield code="b">t.p. (Conference on Remote Sensing and GIS for Environmental Resources Management, held in Jakarta, 6/6-8/95)</subfield>
  </datafield>
</record>